@article{undergradToledo,
	
	author={Simon,H. J. and Mitchell,D. E. and Watson,J. G.},
	
	year={1975},
	
	title={Surface plasmons in silver filmsâ€”a novel undergraduate experiment},
	
	journal={American journal of physics},
	
	volume={43},
	
	number={7},
	
	pages={630-636},
	
	isbn={0002-9505},
	
	language={English},
	
}

@article{biomedicalApplications,
	
	author={Canovi,Mara and Lucchetti,Jacopo and Stravalaci,Matteo and Re,Francesca and Moscatelli,Davide and Bigini,Paolo and Salmona,Mario and Gobbi,Marco},
	
	year={2012},
	
	title={Applications of Surface Plasmon Resonance (SPR) for the characterization of nanoparticles developed for biomedical purposes},
	
	journal={Sensors (Basel, Switzerland)},
	
	volume={12},
	
	number={12},
	
	pages={16420-16432},
	
	keywords={Biological; Biosensing Techniques; Humans; Imaging; Ligands; Nanoparticles; Nanoparticles - chemistry; Nanostructure; Plasmons; Protein corona; Proteins; Quantitative analysis; Sensors; Surface Plasmon Resonance},
	
	isbn={1424-8220},
	
	language={English},
	
}

@article{opticalApplications,
	
	author={Zhang,Junxi and Zhang,Lide and Xu,Wei},
	
	year={2012},
	
	title={Surface plasmon polaritons: physics and applications},
	
	journal={Journal of physics. D, Applied physics},
	
	volume={45},
	
	number={11},
	
	pages={113001-1-19},

	keywords={Biosensors; Data storage; Devices; Dispersions; Excitation; Nanostructure; Plasmons; Polaritons},
	
	isbn={0022-3727},
	
	language={English},
	
}