@manual{manual,

	title={Chemical Oscillations},
	
	organization={University College Dublin},
} 

@article{parada,

author={Lozano-Parada,Jaime H. and Burnham,Helen and Machuca Martinez,Fiderman},

year={2018},

title={Pedagogical Approach to the Modeling and Simulation of Oscillating Chemical Systems with Modern Software: The Brusselator Model},

journal={Journal of chemical education},

volume={95},

number={5},

pages={758-766},

isbn={0021-9584},
}