@PREAMBLE{
 "\providecommand{\noopsort}[1]{}" 
 # "\providecommand{\singleletter}[1]{#1}%" 
}

@MISC{manual,
   author={Fraser M.},
   title={Astronomical Image Analysis},
   year={2022-08-24}
}

@online{astropy,
	author={Craig M.},
	title={CCD Reduction and Photemerty Guide},
	note = {\url{https://www.astropy.org/ccd-reduction-and-photometry-guide/}, visited 2022-10-22},
}
@article{messier,
	author={Messier Objects},
	title={Guide to the Bright Galaxies, Nebulae and Clusters Listed in the Messier Catalogue},
	note={\url{https://www.messier-objects.com/messier-91/}, visited on 2022-11-10},
}
@article{Horner_2012,
	doi = {10.1111/j.1365-2966.2012.21620.x},
	
	url = {https://doi.org/10.1111%2Fj.1365-2966.2012.21620.x},
	
	year = 2012,
	
	month = {aug},
	
	publisher = {Oxford University Press ({OUP})},
	
	volume = {425},
	
	number = {1},
	
	pages = {749--756},
	
	author = {J. Horner and R. A. Wittenmyer and T. C. Hinse and C. G. Tinney},
	
	title = {A detailed investigation of the proposed {NN} Serpentis planetary system},
	
	journal = {Monthly Notices of the Royal Astronomical Society}
}

@book{modernAstro,	
	author={Carroll,Bradley W. and Ostlie,Dale A.},
	year={2018},
	title={An introduction to modern astrophysics},
	publisher={Cambridge University Press},
	address={Cambridge},
	edition={Second},	
	isbn={9781108380980;1108380980;9781108422161;1108422160;},
	language={English},
}
@article{parsons,
	author = {Parsons, S. G. and Marsh, T. R. and Copperwheat, C. M. and Dhillon, V. S. and Littlefair, S. P. and GÃ¤nsicke, B. T. and Hickman, R.},
	title = "{Precise mass and radius values for the white dwarf and low mass M dwarf in the pre-cataclysmic binary NN Serpentis}",
	journal = {Monthly Notices of the Royal Astronomical Society},
	volume = {402},
	number = {4},
	pages = {2591-2608},
	year = {2010},
	month = {03},
	issn = {0035-8711},
	doi = {10.1111/j.1365-2966.2009.16072.x},
	url = {https://doi.org/10.1111/j.1365-2966.2009.16072.x},
	eprint = {https://academic.oup.com/mnras/article-pdf/402/4/2591/4903742/mnras0402-2591.pdf},
}



