@book{universityPhysics,
	author={Young,Hugh D. and Freedman,Roger A. and Ford,A. L. and Sears,Francis W. and Zemansky,Mark W.},
	
	year={2020},
	
	title={Sears and Zemansky's university physics: with modern physics},
	
	publisher={Pearson Education Limited}}

@online{atnf,
	author={Australia Telescope National Facility},
	title={Obtaining Astronomical Spectra - Spectrographs},
	url={https://www.atnf.csiro.au/outreach/education/senior/astrophysics/spectrographs.html},
	urldate={2022-10-23}}

@online{manual,
	author={Fraser M.},
	title={CCDs and Spectroscopy},
	date={2022-08-24}}

@online{astropy,
	author={Craig M.},
	title={CCD Reduction and Photemerty Guide},
	url={https://www.astropy.org/ccd-reduction-and-photometry-guide/},
	urldate={2022-10-22}}

@online{zeiss,
	author={Davidson M. W.},
	title={Fundamentals of Mercury Arc Lamps},
	url={https://zeiss-campus.magnet.fsu.edu/articles/lightsources/mercuryarc.html},
	urldate={2022-10-22}}

@online{vik,
	author={Dhillon V.},
	title={Spectrographs},
	url={http://www.vikdhillon.staff.shef.ac.uk/teaching/phy217/instruments/phy217_inst_spect.html},
	urldate={2022-10-22},
	date={2012-09-18}}
